@article{allers2005tax,
  title={{Tax Mimicking and Yardstick Competition Among Local Governments in The Netherlands}},
  author={Allers, Maarten A and Elhorst, J Paul},
  journal={International tax and public finance},
  volume={12},
  number={4},
  pages={493--513},
  year={2005},
  publisher={Springer}
}

@book{anselin1988spatial,
  title={{Spatial Econometrics: Methods and Models}},
  author={Anselin, Luc},
  volume={4},
  year={1988},
  publisher={Springer}
}

@article{anselin1991properties,
  title={{Properties of Tests for Spatial Dependence in Linear Regression Models}},
  author={Anselin, Luc and Rey, Serge},
  journal={Geographical analysis},
  volume={23},
  number={2},
  pages={112--131},
  year={1991},
  publisher={Wiley Online Library}
}

@article{anselin1995local,
  title={{Local Indicators of Spatial Association LISA}},
  author={Anselin, Luc},
  journal={Geographical analysis},
  volume={27},
  number={2},
  pages={93--115},
  year={1995},
  publisher={Wiley Online Library}
}

@article{anselin1996chapter,
  title={{Chapter Eight: The Moran Scatterplot as an ESDA Tool to Assess Local Instability in Spatial Association}},
  author={Anselin, Luc},
  journal={Spatial Analytical},
  volume={4},
  pages={121},
  year={1996},
  publisher={CRC Press}
}

@incollection{AnselinBera1998,
	author = {Anselin, Luc and Bera, Anil},
	title= {{Spatial Dependence in Linear Regression Models with an Introduction to Spatial Econometrics}},
	year = {1998},
	editor = {Ullah, A. and Giles, D.E.A.},
	booktitle = {Handbook of Applied Economic Statistics},
	address = {New York},
	publisher = {Marcel Dekker},
	pages = {237-289},
}


@article{anselin1996simple,
	title={{Simple Diagnostic Tests for Spatial Dependence}},
	author={Anselin, Luc and Bera, Anil K and Florax, Raymond and Yoon, Mann J},
	journal={Regional science and urban economics},
	volume={26},
	number={1},
	pages={77--104},
	year={1996},
	publisher={Elsevier}
}

@misc{anselin2021spatial,
  title={Spatial models in econometric research},
  author={Anselin, Luc},
  journal={Oxford Research Encyclopedia of Economics and Finance},
  year={2021},
  publisher={sn}
}


@article{anselin2003spatial,
	title={{Spatial Externalities, Spatial Multipliers, and Spatial Econometrics}},
	author={Anselin, Luc},
	journal={International regional science review},
	volume={26},
	number={2},
	pages={153--166},
	year={2003},
	publisher={Sage Publications}
}

@inbook{anselinSpatialEcon,
title = {{Spatial Econometrics}},
author = {Anselin, Luc},
author = {},
publisher = {Blackwell Publishing Ltd},
isbn = {9780470996249},
url = {http://dx.doi.org/10.1002/9780470996249.ch15},
doi = {10.1002/9780470996249.ch15},
pages = {310--330},
keywords = {spatial econometrics, spatial autocorrelation, spatial stochastic process models, aymptotics, spatial regression models},
booktitle = {A Companion to Theoretical Econometrics},
year = {2007},
}

@book{anselin2014modern,
  title={{Modern Spatial Econometrics in Practice: A Guide to Geoda, Geodaspace and Pysal}},
  author={Anselin, L. and Rey, S.J.},
  isbn={9780986342103},
  url={https://books.google.cl/books?id=MBLwrQEACAAJ},
  year={2014},
  publisher={GeoDa Press LLC}
}

@article{anselin2008errors,
  title={{Errors in Variables and Spatial Effects in Hedonic House Price Models of Ambient Air Quality}},
  author={Anselin, Luc and Lozano-Gracia, Nancy},
  journal={Empirical economics},
  volume={34},
  number={1},
  pages={5--34},
  year={2008},
  publisher={Springer}
}



@article{arraiz2010spatial,
	title={{A Spatial Cliff-Ord-Type Model with Heteroskedastic Innovations: Small and Large Sample Results}},
	author={Arraiz, Irani and Drukker, David M and Kelejian, Harry H and Prucha, Ingmar R},
	journal={Journal of Regional Science},
	volume={50},
	number={2},
	pages={592--614},
	year={2010},
	publisher={Wiley Online Library}
}

@article{baller2001structural,
  title={{Structural Covariates of US County Homicide Rates: Incorporating Spatial Effects}},
  author={Baller, Robert D and Anselin, Luc and Messner, Steven F and Deane, Glenn and Hawkins, Darnell F},
  journal={Criminology},
  volume={39},
  number={3},
  pages={561--588},
  year={2001},
  publisher={Wiley Online Library}
}

@article{basdas2009spatial,
  title={{Spatial Econometric Analysis of the Determinants of Location in Turkish Manufacturing Industry}},
  author={Basdas, Ulkem},
  journal={Available at SSRN 1506888},
  year={2009}
}

@article{boarnet2002federal,
  title={{Federal Grants and Yardstick Competition}},
  author={Boarnet, Marlon G and Glazer, Amihai},
  journal={Journal of urban Economics},
  volume={52},
  number={1},
  pages={53--64},
  year={2002},
  publisher={Elsevier}
}


@article{bivand2013computing,
  title={{Computing the Jacobian in Gaussian Spatial Autoregressive Models: An Illustrated Comparison of Available Methods}},
  author={Bivand, Roger and Hauke, Jan and Kossowski, Tomasz},
  journal={Geographical Analysis},
  volume={45},
  number={2},
  pages={150--179},
  year={2013},
  publisher={Wiley Online Library}
}


@article{Burridge1980,
title = {{On the Cliff-Ord Test for Spatial Correlation}},
author = "Peter Burridge",
year = "1980",
volume = "42",
pages = "107--108",
journal = "JOURNAL OF THE ROYAL STATISTICAL SOCIETY SERIES B-STATISTICAL METHODOLOGY",
issn = "1369-7412",
number = "1",
}


@article{cliff1972testing,
  title={{Testing for Spatial Autocorrelation Among Regression Residuals}},
  author={Cliff, Andrew and Ord, Keith},
  journal={Geographical analysis},
  volume={4},
  number={3},
  pages={267--284},
  year={1972},
  publisher={Wiley Online Library}
}

@book{cliff1973spatial,
  title={{Spatial Autocorrelation}},
  author={Cliff, A. D. and Ord, John Keith},
  year={1973},
  publisher={London:Pion}
}


@article{cohen1999diffusion,
  title={{Diffusion in Homicide: Exploring a General Method for Detecting Spatial Diffusion Processes}},
  author={Cohen, Jacqueline and Tita, George},
  journal={Journal of Quantitative Criminology},
  volume={15},
  number={4},
  pages={451--493},
  year={1999},
  publisher={Springer}
}

@article{cordy1993efficiency,
  title={Efficiency of least squares estimators in the presence of spatial autocorrelation},
  author={Cordy, Clifford B and Griffith, Daniel A},
  journal={Communications in Statistics-Simulation and Computation},
  volume={22},
  number={4},
  pages={1161--1179},
  year={1993},
  publisher={Taylor \& Francis}
}


@article{corrado2012economics,
	title={{Where is the Economics in Spatial Econometrics?}},
	author={Corrado, Luisa and Fingleton, Bernard},
	journal={Journal of Regional Science},
	volume={52},
	number={2},
	pages={210--239},
	year={2012},
	publisher={Wiley Online Library}
}

@article{das2003finite,
	title={{Finite Sample Properties of Estimators of Spatial Autoregressive Models with Autoregressive Disturbances}},
	author={Das, Debabrata and Kelejian, Harry H and Prucha, Ingmar R},
	journal={Papers in Regional Science},
	volume={82},
	number={1},
	pages={1--26},
	year={2003},
	publisher={Wiley Online Library}
}

@article{doreian1981estimating,
	title={{Estimating Linear Models with Spatially Distributed Data}},
	author={Doreian, Patrick},
	journal={Sociological methodology},
	pages={359--388},
	year={1981},
	publisher={JSTOR}
}

@article{drukker2013two,
  title={{On Two-step Estimation of a Spatial Autoregressive Model with Autoregressive Disturbances and Endogenous Regressors}},
  author={Drukker, David M and Egger, Peter and Prucha, Ingmar R},
  journal={Econometric Reviews},
  volume={32},
  number={5-6},
  pages={686--733},
  year={2013},
  publisher={Taylor \& Francis}
}

@article{drukker2011command,
  title={{A Command for Estimating Spatial-autoregressive Models with Spatial-autoregressive Disturbances and Additional Endogenous Variables}},
  author={Drukker, David M and Prucha, Ingmar R and Raciborski, Rafal},
  journal={Econometric Reviews},
  volume={32},
  pages={686--733},
  year={2011}
}

@article{dubin1992spatial,
  title={{Spatial Autocorrelation and Neighborhood Quality}},
  author={Dubin, Robin A},
  journal={Regional science and urban economics},
  volume={22},
  number={3},
  pages={433--452},
  year={1992},
  publisher={Elsevier}
}

@article{elhorst2010applied,
	title={{Applied Spatial Econometrics: Raising the Bar}},
	author={Elhorst, J Paul},
	journal={Spatial Economic Analysis},
	volume={5},
	number={1},
	pages={9--28},
	year={2010},
	publisher={Taylor \& Francis}
}

@book{elhorst2014spatial,
  title={{Spatial Econometrics: From Cross-Sectional Data to Spatial Panels}},
  author={Elhorst, J Paul},
  year={2014},
  publisher={Springer}
}


@article{fischer2009impact,
  title={{The Impact of Human Capital on Regional Labor Productivity in Europe}},
  author={Fischer, Manfred M and Bartkowska, Monika and Riedl, Aleksandra and Sardadvar, Sascha and Kunnert, Andrea},
  journal={Letters in Spatial and Resource Sciences},
  volume={2},
  number={2-3},
  pages={97--108},
  year={2009},
  publisher={Springer}
}

@article{filiztekin2009regional,
  title={{Regional Unemployment in Turkey}},
  author={Filiztekin, Alpay},
  journal={Papers in Regional Science},
  volume={88},
  number={4},
  pages={863--878},
  year={2009},
  publisher={Wiley Online Library}
}

@article{garrett2002revenue,
  title={The Revenue Impacts of Cross-Border Lottery Shopping in the Presence of Spatial Autocorrelation},
  author={Garrett, Thomas A and Marsh, Thomas L},
  journal={Regional Science and Urban Economics},
  volume={32},
  number={4},
  pages={501--519},
  year={2002},
  publisher={Elsevier}
}

@article{garretsen2009fdi,
  title={{FDI and the Relevance of Spatial Linkages: Do Third-Country Effects Matter for Dutch FDI?}},
  author={Garretsen, Harry and Peeters, Jolanda},
  journal={Review of World Economics},
  volume={145},
  number={2},
  pages={319--338},
  year={2009},
  publisher={Springer}
}

@article{gibbons2015spatial,
  title={{Spatial Methods}},
  author={Gibbons, Steve and Overman, Henry G and Patacchini, Eleonora},
  journal={Handbook of Regional and Urban Economics SET},
  pages={115},
  year={2015},
  publisher={Elsevier}
}

@article{gibbons2012mostly,
	title={{Mostly Pointless Spatial Econometrics?}},
	author={Gibbons, Stephen and Overman, Henry G},
	journal={Journal of Regional Science},
	volume={52},
	number={2},
	pages={172--191},
	year={2012},
	publisher={Wiley Online Library}
}

@article{guilkey1993estimation,
  title={{Estimation and Testing in the Random Effects Probit Model}},
  author={Guilkey, David K and Murphy, James L},
  journal={Journal of Econometrics},
  volume={59},
  number={3},
  pages={301--317},
  year={1993},
  publisher={Elsevier}
}

@article{hansen1982large,
  title={Large sample properties of generalized method of moments estimators},
  author={Hansen, Lars Peter},
  journal={Econometrica: Journal of the econometric society},
  pages={1029--1054},
  year={1982},
  publisher={JSTOR}
}

@article{henningsen2011maxlik,
  title={maxLik: A package for maximum likelihood estimation in R},
  author={Henningsen, Arne and Toomet, Ott},
  journal={Computational Statistics},
  volume={26},
  number={3},
  pages={443--458},
  year={2011},
  publisher={Springer}
}

@article{kelejian1998generalized,
	title={{A Generalized Spatial Two-Stage Least Squares Procedure for Estimating a Spatial Autoregressive Model with Autoregressive Disturbances}},
	author={Kelejian, Harry H and Prucha, Ingmar R},
	journal={The Journal of Real Estate Finance and Economics},
	volume={17},
	number={1},
	pages={99--121},
	year={1998},
	publisher={Springer}
}

@article{kelejian1999generalized,
	title={{A Generalized Moments Estimator for the Autoregressive Parameter in a Spatial Model}},
	author={Kelejian, Harry H and Prucha, Ingmar R},
	journal={International economic review},
	volume={40},
	number={2},
	pages={509--533},
	year={1999},
	publisher={Wiley Online Library}
}

@article{kelejian2001asymptotic,
	title={{On the Asymptotic Distribution of the Moran I Test Statistic with Applications}},
	author={Kelejian, Harry H and Prucha, Ingmar R},
	journal={Journal of Econometrics},
	volume={104},
	number={2},
	pages={219--257},
	year={2001},
	publisher={Elsevier}
}

@incollection{Keliejian2004,
	author = {Kelejian, Harry H. and Prucha, Ingmar R. and Yuzefovich, Yevgeny},
	title = {{Instrumental Variable Estimation of a Spatial Autoregressive Model with Autoregressive Disturbances: Large and Small Sample Results}},
	booktitle = {Spatial and Spatiotemporal Econometrics},
	editor = {Lesage, J.P. and Pace, R.K},
	pages = {163-198},
	doi = {10.1016/S0731-9053(04)18005-5}, 
	url = {http://www.emeraldinsight.com/doi/abs/10.1016/S0731-9053%2804%2918005-5},
	year = {2004},
	publisher = {Emerald Group Publishing Limited}
}

@book{kelejian2017spatial,
  title={Spatial econometrics},
  author={Kelejian, Harry and Piras, Gianfranco},
  year={2017},
  publisher={Academic Press}
}


@article{kelejian2007relative,
  title={{The Relative Efficiencies of Various Predictors in Spatial Econometric Models Containing Spatial Lags}},
  author={Kelejian, Harry H and Prucha, Ingmar R},
  journal={Regional Science and Urban Economics},
  volume={37},
  number={3},
  pages={363--374},
  year={2007},
  publisher={Elsevier}
}

@article{kelejian2010specification,
	title={{Specification and Estimation of Spatial Autoregressive Models with Autoregressive and Heteroskedastic Disturbances}},
	author={Kelejian, Harry H and Prucha, Ingmar R},
	journal={Journal of Econometrics},
	volume={157},
	number={1},
	pages={53--67},
	year={2010},
	publisher={Elsevier}
}

@article{kim2003measuring,
  title={{Measuring the Benefits of Air Quality Improvement: A Spatial Hedonic Approach}},
  author={Kim, Chong Won and Phipps, Tim T and Anselin, Luc},
  journal={Journal of environmental economics and management},
  volume={45},
  number={1},
  pages={24--39},
  year={2003},
  publisher={Elsevier}
}

@article{kirby2009changes,
  title={{Changes in Commuting to Work Times Over the 1990 to 2000 Period}},
  author={Kirby, Dustin K and LeSage, James P},
  journal={Regional Science and Urban Economics},
  volume={39},
  number={4},
  pages={460--471},
  year={2009},
  publisher={Elsevier}
}

@inproceedings{kao2013spatial,
  title={{Spatial Regression: The Curious Case of Negative Spatial Dependence}},
  author={Kao, Yu-Hsien and Bera, Anil K},
  booktitle={VII World Conference of The Spatial Econometric Association},
  year={2013}
}


@incollection{pruchaHB,
	year={2014},
	isbn={978-3-642-23429-3},
	booktitle={Handbook of Regional Science},
	editor={Fischer, Manfred M. and Nijkamp, Peter},
	doi={10.1007/978-3-642-23430-9_90},
	title={{Instrumental Variables/Method of Moments Estimation}},
	url={http://dx.doi.org/10.1007/978-3-642-23430-9_90},
	publisher={Springer Berlin Heidelberg},
	author={Prucha, IngmarR.},
	pages={1597-1617},
	language={English}
}

@article{lee2001generalized,
  title={Generalized method of moments estimation of spatial autoregressive processes},
  author={Lee, Lung-fei},
  journal={Unpublished manuscript},
  year={2001}
}

@article{lee2002consistency,
  title={{Consistency and Efficiency of Least Squares Estimation for Mixed Regressive, Spatial Autoregressive Models}},
  author={Lee, Lung-Fei},
  journal={Econometric theory},
  volume={18},
  number={02},
  pages={252--277},
  year={2002},
  publisher={Cambridge Univ Press}
}


@article{lee2003best,
	title={{Best Spatial Two-Stage Least Squares Estimators for a Spatial Autoregressive Model with Autoregressive Disturbances}},
	author={Lee, Lung-fei},
	journal={Econometric Reviews},
	volume={22},
	number={4},
	pages={307--335},
	year={2003},
	publisher={Taylor \& Francis}
}

@article{lee2004asymptotic,
	title={{Asymptotic Distributions of Quasi-Maximum Likelihood Estimators for Spatial Autoregressive Models}},
	author={Lee, Lung-Fei},
	journal={Econometrica},
	volume={72},
	number={6},
	pages={1899--1925},
	year={2004},
	publisher={Wiley Online Library}
}

@article{lee2007gmm,
	title={{GMM and 2SLS Estimation of Mixed Regressive, Spatial Autoregressive Models}},
	author={Lee, Lung-fei},
	journal={Journal of Econometrics},
	volume={137},
	number={2},
	pages={489--514},
	year={2007},
	publisher={Elsevier}
}

@article{lee2007method,
  title={The method of elimination and substitution in the GMM estimation of mixed regressive, spatial autoregressive models},
  author={Lee, Lung-fei},
  journal={Journal of Econometrics},
  volume={140},
  number={1},
  pages={155--189},
  year={2007},
  publisher={Elsevier}
}

@article{lee2010efficient,
  title={Efficient GMM estimation of high order spatial autoregressive models with autoregressive disturbances},
  author={Lee, Lung-fei and Liu, Xiaodong},
  journal={Econometric Theory},
  volume={26},
  number={1},
  pages={187--230},
  year={2010},
  publisher={Cambridge University Press}
}

@article{lin2010gmm,
  title={GMM estimation of spatial autoregressive models with unknown heteroskedasticity},
  author={Lin, Xu and Lee, Lung-fei},
  journal={Journal of Econometrics},
  volume={157},
  number={1},
  pages={34--52},
  year={2010},
  publisher={Elsevier}
}

@article{liu2010efficient,
  title={An efficient GMM estimator of spatial autoregressive models},
  author={Liu, Xiaodong and Lee, Lung-fei and Bollinger, Christopher R},
  journal={Journal of Econometrics},
  volume={159},
  number={2},
  pages={303--319},
  year={2010},
  publisher={Elsevier}
}

@article{liu2015gmm,
  title={GMM estimation of SAR models with endogenous regressors},
  author={Liu, Xiaodong and Saraiva, Paulo},
  journal={Regional Science and Urban Economics},
  volume={55},
  pages={68--79},
  year={2015},
  publisher={Elsevier}
}

@article{lesage1997bayesian,
  title={{Bayesian Estimation of Spatial Autoregressive Models}},
  author={LeSage, James P},
  journal={International Regional Science Review},
  volume={20},
  number={1-2},
  pages={113--129},
  year={1997},
  publisher={Sage Publications}
}

@book{lesage2010introduction,
	title={{Introduction to Spatial Econometrics}},
	author={LeSage, James and Pace, Robert Kelley},
	year={2010},
	publisher={CRC press}
}

@article{lesage2014regional,
  title={{What Regional Scientists Need to Know about Spatial Econometrics}},
  author={LeSage, James P},
  journal={The Review of Regional Studies},
  volume={44},
  number={1},
  pages={13--32},
  year={2014}
}

@Inbook{LeSage2014,
author="LeSage, James P.
and Pace, R. Kelley",
editor="Fischer, M. Manfred
and Nijkamp, Peter",
title={{Interpreting Spatial Econometric Models}},
bookTitle="Handbook of Regional Science",
year="2014",
publisher="Springer Berlin Heidelberg",
address="Berlin, Heidelberg",
pages="1535--1552",
isbn="978-3-642-23430-9",
doi="10.1007/978-3-642-23430-9_91",
url="http://dx.doi.org/10.1007/978-3-642-23430-9_91"
}

@article{liu2022consistency,
  title={Consistency without compactness of the parameter space in spatial econometrics},
  author={Liu, Tuo and Xu, Xingbai and Lee, Lung-fei},
  journal={Economics Letters},
  volume={210},
  pages={110224},
  year={2022},
  publisher={Elsevier}
}

@Manual{maptoolsP,
    title = {{maptools: Tools for Reading and Handling Spatial Objects}},
    author = {Roger Bivand and Nicholas Lewin-Koh},
    year = {2015},
    note = {R package version 0.8-36},
    url = {http://CRAN.R-project.org/package=maptools},
}

@article{mcmillen2010issues,
	title={{Issues in Spatial Data Analysis}},
	author={McMillen, Daniel P},
	journal={Journal of Regional Science},
	volume={50},
	number={1},
	pages={119--141},
	year={2010},
	publisher={Wiley Online Library}
}

@article{mcmillen2012perspectives,
	title={{Perspectives on Spatial Econometrics: Linear Smoothing with Structured Models}},
	author={McMillen, Daniel P},
	journal={Journal of Regional Science},
	volume={52},
	number={2},
	pages={192--209},
	year={2012},
	publisher={Wiley Online Library}
}

@article{mead1967mathematical,
	title={{A Mathematical Model for the Estimation of Inter-Plant Competition}},
	author={Mead, Richard},
	journal={Biometrics},
	pages={189--205},
	year={1967},
	publisher={JSTOR}
}

@article{newey1994large,
  title={{Large Sample Estimation and Hypothesis Testing}},
  author={Newey, Whitney K and McFadden, Daniel},
  journal={Handbook of econometrics},
  volume={4},
  pages={2111--2245},
  year={1994},
  publisher={Elsevier}
}

@article{ord1975estimation,
	title={{Estimation Methods for Models of Spatial Interaction}},
	author={Ord, Keith},
	journal={Journal of the American Statistical Association},
	volume={70},
	number={349},
	pages={120--126},
	year={1975},
	publisher={Taylor \& Francis Group}
}

@article{pabesmasf,
    author = {Edzer Pebesma},
    title = {{Simple Features for R: Standardized Support for Spatial
      Vector Data}},
    year = {2018},
    journal = {{The R Journal}},
    doi = {10.32614/RJ-2018-009},
    url = {https://doi.org/10.32614/RJ-2018-009},
    pages = {439--446},
    volume = {10},
    number = {1},
}

@article{pavlyuk2011spatial,
  title={{Spatial Analysis of Regional Employment Rates in Latvia}},
  author={Pavlyuk, Dmitry},
  year={2011}
}

@article{pace2008spatial,
  title={A spatial Hausman test},
  author={Pace, R Kelley and LeSage, James P},
  journal={Economics Letters},
  volume={101},
  number={3},
  pages={282--284},
  year={2008},
  publisher={Elsevier}
}


@article{sphetp,
    title = {{sphet: Spatial Models with Heteroskedastic Innovations
      in R}},
    author = {Gianfranco Piras},
    journal = {Journal of Statistical Software},
    year = {2010},
    volume = {35},
    number = {1},
    pages = {1--21},
    url = {http://www.jstatsoft.org/v35/i01/},
  }

@article{saavedra2000model,
  title={{A Model of Welfare Competition with Evidence from AFDC}},
  author={Saavedra, Luz Amparo},
  journal={Journal of Urban Economics},
  volume={47},
  number={2},
  pages={248--279},
  year={2000},
  publisher={Elsevier}
}

@article{smirnov2001fast,
  title={{Fast Maximum Likelihood Estimation of Very Large Spatial Autoregressive Models: A Characteristic Polynomial Approach}},
  author={Smirnov, Oleg and Anselin, Luc},
  journal={Computational Statistics \& Data Analysis},
  volume={35},
  number={3},
  pages={301--319},
  year={2001},
  publisher={Elsevier}
}

@article{spdep,
   author = {Roger Bivand and Gianfranco Piras},
   title = {{Comparing Implementations of Estimation Methods for Spatial Econometrics}},
   journal = {Journal of Statistical Software},
   volume = {63},
   number = {1},
   year = {2015},
   keywords = {},
   abstract = {Recent advances in the implementation of spatial econometrics model estimation techniques have made it desirable to compare results, which should correspond between implementations across software applications for the same data. These model estimation techniques are associated with methods for estimating impacts (emanating effects), which are also presented and compared. This review constitutes an up-to-date comparison of generalized method of moments and maximum likelihood implementations now available. The comparison uses the cross-sectional US county data set provided by Drukker, Prucha, and Raciborski (2013d). The comparisons will be cast in the context of alternatives using the MATLAB Spatial Econometrics toolbox, Stata's user-written sppack commands, Python with PySAL and R packages including spdep, sphet and McSpatial.},
   issn = {1548-7660},
   pages = {1--36},
   doi = {10.18637/jss.v063.i18},
   url = {https://www.jstatsoft.org/index.php/jss/article/view/v063i18}
}


@book{spatialregcit,
    author = {Edzer Pebesma and Roger S. Bivand},
    title = {Spatial Data Science With Applications in {R}},
    year = {2023},
    publisher = {Chapman \& Hall},
    url = {https://r-spatial.org/book/}
  }
  
@inproceedings{stewart2010choosing,
  title={{Choosing Your Neighbors: The Sensitivity of Geographical Diffusion in International Relations}},
  author={Stewart, Brandon Michael and Zhukov, Yuri},
  booktitle={APSA 2010 Annual Meeting Paper},
  year={2010}
}

@article{tiefelsdorf1999variance,
  title={{A Variance-Stabilizing Coding Scheme for Spatial Link Matrices}},
  author={Tiefelsdorf, M and Griffith, DA and Boots, B},
  journal={Environment and Planning A},
  volume={31},
  number={1},
  pages={165--180},
  year={1999},
  publisher={Pion Ltd, London}
}

@book{white2014asymptotic,
  title={{Asymptotic Theory for Econometricians}},
  author={White, Halbert},
  year={2014},
  publisher={Academic press}
}